@article{ARTICLE:0,
	AUTHOR={F. Liu and M. Gleicher and H. Jin and A. Agarwala},
	TITLE="Content-preserving warps for 3D video stabilization",
	JOURNAL="ACM Transactions on Graphics",
	YEAR="2009",
}

@book{BOOK:0,
	AUTHOR={Christian Demant and Bernd Streicher-Abel and Peter Waszkewitz},
	TITLE="Industrial image processing: visual quality control in manufacturing",
	PUBLISHER="Springer",
	YEAR="2013",
}

@book{BOOK:1,
	AUTHOR={Ho Gi Jung and Dong Suk Kim and Pal Joo Yoon and Jaihie Kim},
	TITLE="Structural, Syntactic and Statistical Pattern Recognition",
	PUBLISHER="Springer Berlin / Heidelberg",
	YEAR="2006",
}

@misc{WIKI:0,
   author = "Wikipedia",
   title = "Support vector machine",
   year = "2004",
   url = "https://en.wikipedia.org/wiki/Support_vector_machine",
}
